%YAML 1.1
%TAG !u! tag:unity3d.com,2011:
--- !u!1 &6362331949616522696
GameObject:
  m_ObjectHideFlags: 0
  m_CorrespondingSourceObject: {fileID: 0}
  m_PrefabInstance: {fileID: 0}
  m_PrefabAsset: {fileID: 0}
  serializedVersion: 6
  m_Component:
  - component: {fileID: 7931070846659205083}
  - component: {fileID: 1390438371533991405}
  - component: {fileID: 4645284062826647828}
  - component: {fileID: 507225468673567160}
  - component: {fileID: 5330735886119749161}
  m_Layer: 0
  m_Name: rust_key 1
  m_TagString: Untagged
  m_Icon: {fileID: 0}
  m_NavMeshLayer: 0
  m_StaticEditorFlags: 0
  m_IsActive: 1
--- !u!4 &7931070846659205083
Transform:
  m_ObjectHideFlags: 0
  m_CorrespondingSourceObject: {fileID: 0}
  m_PrefabInstance: {fileID: 0}
  m_PrefabAsset: {fileID: 0}
  m_GameObject: {fileID: 6362331949616522696}
  m_LocalRotation: {x: 0, y: 0, z: 0, w: 1}
  m_LocalPosition: {x: 3.3869607, y: 1.1931, z: 1.3034471}
  m_LocalScale: {x: 1, y: 1, z: 1}
  m_Children: []
  m_Father: {fileID: 0}
  m_RootOrder: 0
  m_LocalEulerAnglesHint: {x: 0, y: 0, z: 0}
--- !u!33 &1390438371533991405
MeshFilter:
  m_ObjectHideFlags: 0
  m_CorrespondingSourceObject: {fileID: 0}
  m_PrefabInstance: {fileID: 0}
  m_PrefabAsset: {fileID: 0}
  m_GameObject: {fileID: 6362331949616522696}
  m_Mesh: {fileID: -1215533875317036940, guid: 0669f3d8f4b119f418a4bbe061cc198f, type: 3}
--- !u!23 &4645284062826647828
MeshRenderer:
  m_ObjectHideFlags: 0
  m_CorrespondingSourceObject: {fileID: 0}
  m_PrefabInstance: {fileID: 0}
  m_PrefabAsset: {fileID: 0}
  m_GameObject: {fileID: 6362331949616522696}
  m_Enabled: 1
  m_CastShadows: 1
  m_ReceiveShadows: 1
  m_DynamicOccludee: 1
  m_MotionVectors: 1
  m_LightProbeUsage: 1
  m_ReflectionProbeUsage: 1
  m_RayTracingMode: 2
  m_RayTraceProcedural: 0
  m_RenderingLayerMask: 1
  m_RendererPriority: 0
  m_Materials:
  - {fileID: 2100000, guid: 1a7c6b13b8983fa4bbfb1dbfbb5fef57, type: 2}
  m_StaticBatchInfo:
    firstSubMesh: 0
    subMeshCount: 0
  m_StaticBatchRoot: {fileID: 0}
  m_ProbeAnchor: {fileID: 0}
  m_LightProbeVolumeOverride: {fileID: 0}
  m_ScaleInLightmap: 1
  m_ReceiveGI: 1
  m_PreserveUVs: 0
  m_IgnoreNormalsForChartDetection: 0
  m_ImportantGI: 0
  m_StitchLightmapSeams: 1
  m_SelectedEditorRenderState: 3
  m_MinimumChartSize: 4
  m_AutoUVMaxDistance: 0.5
  m_AutoUVMaxAngle: 89
  m_LightmapParameters: {fileID: 0}
  m_SortingLayerID: 0
  m_SortingLayer: 0
  m_SortingOrder: 0
  m_AdditionalVertexStreams: {fileID: 0}
--- !u!65 &507225468673567160
BoxCollider:
  m_ObjectHideFlags: 0
  m_CorrespondingSourceObject: {fileID: 0}
  m_PrefabInstance: {fileID: 0}
  m_PrefabAsset: {fileID: 0}
  m_GameObject: {fileID: 6362331949616522696}
  m_Material: {fileID: 0}
  m_IsTrigger: 1
  m_Enabled: 1
  serializedVersion: 2
  m_Size: {x: 0.17941403, y: 0.06587063, z: 0.35017312}
  m_Center: {x: 0.0030924082, y: 0.013382383, z: -0.033125937}
--- !u!114 &5330735886119749161
MonoBehaviour:
  m_ObjectHideFlags: 0
  m_CorrespondingSourceObject: {fileID: 0}
  m_PrefabInstance: {fileID: 0}
  m_PrefabAsset: {fileID: 0}
  m_GameObject: {fileID: 6362331949616522696}
  m_Enabled: 1
  m_EditorHideFlags: 0
  m_Script: {fileID: 11500000, guid: 1b7c3ce72f27144c1be5a4a8ce09121d, type: 3}
  m_Name: 
  m_EditorClassIdentifier: 
  interactionSource: 0
  _limitToCamera: {fileID: 0}
  interactiveBoundary: {fileID: 0}
  hotspotName: 
  lineID: -1
  highlight: {fileID: 0}
  walkToMarker: {fileID: 0}
  centrePoint: {fileID: 0}
  centrePointOverrides: 0
  provideUseInteraction: 0
  useButton:
    interaction: {fileID: 0}
    assetFile: {fileID: 0}
    customScriptObject: {fileID: 0}
    customScriptFunction: 
    isDisabled: 0
    invID: 0
    iconID: -1
    selectItemMode: 0
    playerAction: 0
    doubleClickDoesNotSnapPlayerToMarker: 0
    setProximity: 0
    proximity: 1
    faceAfter: 0
    isBlocking: 0
    parameterID: -1
    invParameterID: -1
  useButtons: []
  oneClick: 0
  provideLookInteraction: 0
  lookButton:
    interaction: {fileID: 0}
    assetFile: {fileID: 0}
    customScriptObject: {fileID: 0}
    customScriptFunction: 
    isDisabled: 0
    invID: 0
    iconID: -1
    selectItemMode: 0
    playerAction: 0
    doubleClickDoesNotSnapPlayerToMarker: 0
    setProximity: 0
    proximity: 1
    faceAfter: 0
    isBlocking: 0
    parameterID: -1
    invParameterID: -1
  provideInvInteraction: 0
  invButtons: []
  provideUnhandledUseInteraction: 0
  provideUnhandledInvInteraction: 0
  unhandledUseButton:
    interaction: {fileID: 0}
    assetFile: {fileID: 0}
    customScriptObject: {fileID: 0}
    customScriptFunction: 
    isDisabled: 0
    invID: 0
    iconID: -1
    selectItemMode: 0
    playerAction: 0
    doubleClickDoesNotSnapPlayerToMarker: 0
    setProximity: 0
    proximity: 1
    faceAfter: 0
    isBlocking: 0
    parameterID: -1
    invParameterID: -1
  unhandledInvButton:
    interaction: {fileID: 0}
    assetFile: {fileID: 0}
    customScriptObject: {fileID: 0}
    customScriptFunction: 
    isDisabled: 0
    invID: 0
    iconID: -1
    selectItemMode: 0
    playerAction: 0
    doubleClickDoesNotSnapPlayerToMarker: 0
    setProximity: 0
    proximity: 1
    faceAfter: 0
    isBlocking: 0
    parameterID: -1
    invParameterID: -1
  canBeLowerCase: 0
  drawGizmos: 1
  lastInteractionIndex: 0
  displayLineID: -1
  iconSortingLayer: 
  iconSortingOrder: 0
  doubleClickingHotspot: 0
  playerTurnsHead: 1
